@techreport{carpenter-kennedy-lserk,
  title = {Fourth-order 2N-storage Runge-Kutta schemes},
  author = {Carpenter, Mark H. and Kennedy, C.},
  journal = {NASA Report TM 109112},
  publisher = {NASA Langley Research Center},
  year = {1994}
}
